%%%%%%%%%%%% MATHSCINET %%%%%%%%%%%%

@article {pinnau2017consensus,
    AUTHOR = {Pinnau, Ren\'{e} and Totzeck, Claudia and Tse, Oliver and Martin,
              Stephan},
     TITLE = {A consensus-based model for global optimization and its
              mean-field limit},
   JOURNAL = {Math. Models Methods Appl. Sci.},
  FJOURNAL = {Mathematical Models and Methods in Applied Sciences},
    VOLUME = {27},
      YEAR = {2017},
    NUMBER = {1},
     PAGES = {183--204},
      ISSN = {0218-2025},
   MRCLASS = {90C26 (34D06 35B40 35Q84 60K35)},
  MRNUMBER = {3597012},
       DOI = {10.1142/S0218202517400061},
       URL = {https://doi-org.eaccess.ub.tum.de/10.1142/S0218202517400061},
}


@incollection {sznitman1991propagation,
    AUTHOR = {Sznitman, Alain-Sol},
     TITLE = {Topics in propagation of chaos},
 BOOKTITLE = {\'{E}cole d'\'{E}t\'{e} de {P}robabilit\'{e}s de {S}aint-{F}lour {XIX}---1989},
    SERIES = {Lecture Notes in Math.},
    VOLUME = {1464},
     PAGES = {165--251},
 PUBLISHER = {Springer, Berlin},
      YEAR = {1991},
   MRCLASS = {60J60 (60K35 82C40)},
  MRNUMBER = {1108185},
MRREVIEWER = {Maria E. Vares},
       DOI = {10.1007/BFb0085169},
       URL = {https://doi-org.eaccess.ub.tum.de/10.1007/BFb0085169},
}


@book {back1997handbook,
     TITLE = {Handbook of evolutionary computation},
    EDITOR = {B\"{a}ck, Thomas and Fogel, David B. and Michalewicz, Zbigniew},
 PUBLISHER = {Institute of Physics Publishing, Bristol; Oxford University
              Press, New York},
      YEAR = {1997},
     PAGES = {xviii+1113},
      ISBN = {0-7503-0392-1},
   MRCLASS = {68-00 (00A20 92-00)},
  MRNUMBER = {1491901},
       DOI = {10.1887/0750308958},
       URL = {https://doi-org.eaccess.ub.tum.de/10.1887/0750308958},
}

@article {fournier2015rate,
    AUTHOR = {Fournier, Nicolas and Guillin, Arnaud},
     TITLE = {On the rate of convergence in {W}asserstein distance of the
              empirical measure},
   JOURNAL = {Probab. Theory Related Fields},
  FJOURNAL = {Probability Theory and Related Fields},
    VOLUME = {162},
      YEAR = {2015},
    NUMBER = {3-4},
     PAGES = {707--738},
      ISSN = {0178-8051},
   MRCLASS = {60F25 (60E15 60F10)},
  MRNUMBER = {3383341},
MRREVIEWER = {Jos\'{e} Trashorras},
       DOI = {10.1007/s00440-014-0583-7},
       URL = {https://doi-org.eaccess.ub.tum.de/10.1007/s00440-014-0583-7},
}

@article {hastings1970monte,
    AUTHOR = {Hastings, W. K.},
     TITLE = {Monte {C}arlo sampling methods using {M}arkov chains and their
              applications},
   JOURNAL = {Biometrika},
  FJOURNAL = {Biometrika},
    VOLUME = {57},
      YEAR = {1970},
    NUMBER = {1},
     PAGES = {97--109},
      ISSN = {0006-3444},
   MRCLASS = {65C05 (11K45 60J22)},
  MRNUMBER = {3363437},
       DOI = {10.1093/biomet/57.1.97},
       URL = {https://doi-org.eaccess.ub.tum.de/10.1093/biomet/57.1.97},
}

@article {nelder1965simplex,
    AUTHOR = {Nelder, J. A. and Mead, R.},
     TITLE = {A simplex method for function minimization},
   JOURNAL = {Comput. J.},
  FJOURNAL = {The Computer Journal},
    VOLUME = {7},
      YEAR = {1965},
    NUMBER = {4},
     PAGES = {308--313},
      ISSN = {1460-2067},
   MRCLASS = {90C49 (65K05 90C05 90C30)},
  MRNUMBER = {3363409},
       DOI = {10.1093/comjnl/7.4.308},
       URL = {https://doi-org.eaccess.ub.tum.de/10.1093/comjnl/7.4.308},
}

@article {dorigo2005ant,
    AUTHOR = {Dorigo, Marco and Blum, Christian},
     TITLE = {Ant colony optimization theory: {A} survey},
   JOURNAL = {Theoret. Comput. Sci.},
  FJOURNAL = {Theoretical Computer Science},
    VOLUME = {344},
      YEAR = {2005},
    NUMBER = {2-3},
     PAGES = {243--278},
      ISSN = {0304-3975},
   MRCLASS = {90C59 (68T05 90C57)},
  MRNUMBER = {2178855},
       DOI = {10.1016/j.tcs.2005.05.020},
       URL = {https://doi-org.eaccess.ub.tum.de/10.1016/j.tcs.2005.05.020},
}

@incollection {reeves2010genetic,
    AUTHOR = {Reeves, Colin},
     TITLE = {Genetic algorithms},
 BOOKTITLE = {Handbook of metaheuristics},
    SERIES = {Internat. Ser. Oper. Res. Management Sci.},
    VOLUME = {57},
     PAGES = {55--82},
 PUBLISHER = {Kluwer Acad. Publ., Boston, MA},
      YEAR = {2003},
   MRCLASS = {90C59 (68T05 68T20 90-02)},
  MRNUMBER = {1975897},
       DOI = {10.1007/0-306-48056-5\_3},
       URL = {https://doi-org.eaccess.ub.tum.de/10.1007/0-306-48056-5_3},
}

@article {necoara2019linear,
    AUTHOR = {Necoara, I. and Nesterov, Yu. and Glineur, F.},
     TITLE = {Linear convergence of first order methods for non-strongly
              convex optimization},
   JOURNAL = {Math. Program.},
  FJOURNAL = {Mathematical Programming},
    VOLUME = {175},
      YEAR = {2019},
    NUMBER = {1-2, Ser. A},
     PAGES = {69--107},
      ISSN = {0025-5610},
   MRCLASS = {90C25 (65K05 90C06)},
  MRNUMBER = {3942886},
       DOI = {10.1007/s10107-018-1232-1},
       URL = {https://doi-org.eaccess.ub.tum.de/10.1007/s10107-018-1232-1},
}

@article {anitescu2000degenerate,
    AUTHOR = {Anitescu, Mihai},
     TITLE = {Degenerate nonlinear programming with a quadratic growth
              condition},
   JOURNAL = {SIAM J. Optim.},
  FJOURNAL = {SIAM Journal on Optimization},
    VOLUME = {10},
      YEAR = {2000},
    NUMBER = {4},
     PAGES = {1116--1135},
      ISSN = {1052-6234},
   MRCLASS = {90C30 (90C46 90C55)},
  MRNUMBER = {1777083},
MRREVIEWER = {J. Fr\'{e}d\'{e}ric Bonnans},
       DOI = {10.1137/S1052623499359178},
       URL = {https://doi-org.eaccess.ub.tum.de/10.1137/S1052623499359178},
}

@article {carrillo2018analytical,
    AUTHOR = {Carrillo, Jos\'{e} A. and Choi, Young-Pil and Totzeck, Claudia and
              Tse, Oliver},
     TITLE = {An analytical framework for consensus-based global
              optimization method},
   JOURNAL = {Math. Models Methods Appl. Sci.},
  FJOURNAL = {Mathematical Models and Methods in Applied Sciences},
    VOLUME = {28},
      YEAR = {2018},
    NUMBER = {6},
     PAGES = {1037--1066},
      ISSN = {0218-2025},
   MRCLASS = {90C26 (35Q84 37N40 60H10 90C59)},
  MRNUMBER = {3804923},
       DOI = {10.1142/S0218202518500276},
       URL = {https://doi-org.eaccess.ub.tum.de/10.1142/S0218202518500276},
}

@article {bolte2017error,
    AUTHOR = {Bolte, J\'{e}r\^{o}me and Nguyen, Trong Phong and Peypouquet, Juan and
              Suter, Bruce W.},
     TITLE = {From error bounds to the complexity of first-order descent
              methods for convex functions},
   JOURNAL = {Math. Program.},
  FJOURNAL = {Mathematical Programming},
    VOLUME = {165},
      YEAR = {2017},
    NUMBER = {2, Ser. A},
     PAGES = {471--507},
      ISSN = {0025-5610},
   MRCLASS = {90C06 (65K05 90C25 90C60)},
  MRNUMBER = {3707370},
       DOI = {10.1007/s10107-016-1091-6},
       URL = {https://doi-org.eaccess.ub.tum.de/10.1007/s10107-016-1091-6},
}

@book {dembo2009large,
    AUTHOR = {Dembo, Amir and Zeitouni, Ofer},
     TITLE = {Large deviations techniques and applications},
    SERIES = {Applications of Mathematics (New York)},
    VOLUME = {38},
   EDITION = {Second},
 PUBLISHER = {Springer-Verlag, New York},
      YEAR = {1998},
     PAGES = {xvi+396},
      ISBN = {0-387-98406-2},
   MRCLASS = {60F10},
  MRNUMBER = {1619036},
       DOI = {10.1007/978-1-4612-5320-4},
       URL = {https://doi-org.eaccess.ub.tum.de/10.1007/978-1-4612-5320-4},
}

@book {miller2006applied,
    AUTHOR = {Miller, Peter D.},
     TITLE = {Applied asymptotic analysis},
    SERIES = {Graduate Studies in Mathematics},
    VOLUME = {75},
 PUBLISHER = {American Mathematical Society, Providence, RI},
      YEAR = {2006},
     PAGES = {xvi+467},
      ISBN = {0-8218-4078-9},
   MRCLASS = {34-01 (34Exx 35A35 35Q53 35Q55 41A60)},
  MRNUMBER = {2238098},
MRREVIEWER = {B. L. J. Braaksma},
       DOI = {10.1090/gsm/075},
       URL = {https://doi-org.eaccess.ub.tum.de/10.1090/gsm/075},
}

@article {polyak1963gradient,
    AUTHOR = {Polyak, B. T.},
     TITLE = {Gradient methods for minimizing functionals},
   JOURNAL = {\v{Z}. Vy\v{c}isl. Mat i Mat. Fiz.},
  FJOURNAL = {\v{Z}urnal Vy\v{c}islitel\cprime no\u{\i} Matematiki i Matemati\v{c}esko\u{\i} Fiziki},
    VOLUME = {3},
      YEAR = {1963},
     PAGES = {643--653},
      ISSN = {0044-4669},
   MRCLASS = {65.30 (49.00)},
  MRNUMBER = {158568},
MRREVIEWER = {M. L. Juncosa},
}

@article {ha2020convergenceHD,
    AUTHOR = {Ha, Seung-Yeal and Jin, Shi and Kim, Doheon},
     TITLE = {Convergence of a first-order consensus-based global
              optimization algorithm},
   JOURNAL = {Math. Models Methods Appl. Sci.},
  FJOURNAL = {Mathematical Models and Methods in Applied Sciences},
    VOLUME = {30},
      YEAR = {2020},
    NUMBER = {12},
     PAGES = {2417--2444},
      ISSN = {0218-2025},
   MRCLASS = {90C26 (37H10 37N40 60H30)},
  MRNUMBER = {4179193},
       DOI = {10.1142/S0218202520500463},
       URL = {https://doi-org.eaccess.ub.tum.de/10.1142/S0218202520500463},
}

@article {totzeck2020consensus,
    AUTHOR = {Totzeck, Claudia and Wolfram, Marie-Therese},
     TITLE = {Consensus-based global optimization with personal best},
   JOURNAL = {Math. Biosci. Eng.},
  FJOURNAL = {Mathematical Biosciences and Engineering. MBE},
    VOLUME = {17},
      YEAR = {2020},
    NUMBER = {5},
     PAGES = {6026--6044},
      ISSN = {1547-1063},
   MRCLASS = {90C26 (60H10 60K35 90C59)},
  MRNUMBER = {4160256},
       DOI = {10.3934/mbe.2020320},
       URL = {https://doi-org.eaccess.ub.tum.de/10.3934/mbe.2020320},
}

@article{carrillo2019consensus,
    AUTHOR = {Carrillo, Jos\'{e} A. and Jin, Shi and Li, Lei and Zhu, Yuhua},
     TITLE = {A consensus-based global optimization method for high
              dimensional machine learning problems},
   JOURNAL = {ESAIM Control Optim. Calc. Var.},
  FJOURNAL = {ESAIM. Control, Optimisation and Calculus of Variations},
    VOLUME = {27},
      YEAR = {2021},
    NUMBER = {suppl.},
     PAGES = {Paper No. S5, 22},
      ISSN = {1292-8119},
   MRCLASS = {60H35 (65K10 68 70F10)},
  MRNUMBER = {4222159},
       DOI = {10.1051/cocv/2020046},
       URL = {https://doi-org.eaccess.ub.tum.de/10.1051/cocv/2020046},
}

@article {ha2021convergence,
    AUTHOR = {Ha, Seung-Yeal and Jin, Shi and Kim, Doheon},
     TITLE = {Convergence and error estimates for time-discrete
              consensus-based optimization algorithms},
   JOURNAL = {Numer. Math.},
  FJOURNAL = {Numerische Mathematik},
    VOLUME = {147},
      YEAR = {2021},
    NUMBER = {2},
     PAGES = {255--282},
      ISSN = {0029-599X},
   MRCLASS = {37H10 (37N40 90C26 90C59)},
  MRNUMBER = {4215338},
       DOI = {10.1007/s00211-021-01174-y},
       URL = {https://doi-org.eaccess.ub.tum.de/10.1007/s00211-021-01174-y},
}

@incollection {platen1999introduction,
    AUTHOR = {Platen, Eckhard},
     TITLE = {An introduction to numerical methods for stochastic
              differential equations},
 BOOKTITLE = {Acta numerica, 1999},
    SERIES = {Acta Numer.},
    VOLUME = {8},
     PAGES = {197--246},
 PUBLISHER = {Cambridge Univ. Press, Cambridge},
      YEAR = {1999},
   MRCLASS = {65C30 (60H10 60H35)},
  MRNUMBER = {1819646},
MRREVIEWER = {Volker Wihstutz},
       DOI = {10.1017/S0962492900002920},
       URL = {https://doi-org.eaccess.ub.tum.de/10.1017/S0962492900002920},
}

@article {higham2001algorithmic,
    AUTHOR = {Higham, Desmond J.},
     TITLE = {An algorithmic introduction to numerical simulation of
              stochastic differential equations},
   JOURNAL = {SIAM Rev.},
  FJOURNAL = {SIAM Review},
    VOLUME = {43},
      YEAR = {2001},
    NUMBER = {3},
     PAGES = {525--546},
      ISSN = {0036-1445},
   MRCLASS = {65C30 (60H10 60H35 65C20)},
  MRNUMBER = {1872387},
MRREVIEWER = {Edward J. Allen},
       DOI = {10.1137/S0036144500378302},
       URL = {https://doi-org.eaccess.ub.tum.de/10.1137/S0036144500378302},
}

@article {fornasier2020consensus_hypersurface_wellposedness,
    AUTHOR = {Fornasier, Massimo and Huang, Hui and Pareschi, Lorenzo and
              S\"{u}nnen, Philippe},
     TITLE = {Consensus-based optimization on hypersurfaces:
              {W}ell-posedness and mean-field limit},
   JOURNAL = {Math. Models Methods Appl. Sci.},
  FJOURNAL = {Mathematical Models and Methods in Applied Sciences},
    VOLUME = {30},
      YEAR = {2020},
    NUMBER = {14},
     PAGES = {2725--2751},
      ISSN = {0218-2025},
   MRCLASS = {90C26 (35Q70 35Q84 35Q93 37N40 60H30)},
  MRNUMBER = {4204858},
       DOI = {10.1142/S0218202520500530},
       URL = {https://doi-org.eaccess.ub.tum.de/10.1142/S0218202520500530},
}

@book {savare2008gradientflows,
    AUTHOR = {Ambrosio, Luigi and Gigli, Nicola and Savar\'{e}, Giuseppe},
     TITLE = {Gradient flows in metric spaces and in the space of
              probability measures},
    SERIES = {Lectures in Mathematics ETH Z\"{u}rich},
   EDITION = {Second},
 PUBLISHER = {Birkh\"{a}user Verlag, Basel},
      YEAR = {2008},
     PAGES = {x+334},
      ISBN = {978-3-7643-8721-1},
   MRCLASS = {49-02 (28A33 35K55 35K90 49Q20 60B05)},
  MRNUMBER = {2401600},
MRREVIEWER = {Pietro Celada},
}

@book {arnold1974stochasticdifferentialequations,
    AUTHOR = {Arnold, Ludwig},
     TITLE = {Stochastic differential equations: {T}heory and applications},
      NOTE = {Translated from the German},
 PUBLISHER = {Wiley-Interscience [John Wiley \& Sons], New
              York-London-Sydney},
      YEAR = {1974},
     PAGES = {xvi+228},
   MRCLASS = {60HXX (93E10)},
  MRNUMBER = {0443083},
MRREVIEWER = {A. T. Bharucha-Reid},
}

% category 'note' added manually after title
@book {holland1992adaptation,
    AUTHOR = {Holland, John H.},
     TITLE = {Adaptation in natural and artificial systems. An introductory analysis with applications to biology, control, and artificial intelligence},
      NOTE = {},
 PUBLISHER = {University of Michigan Press, Ann Arbor, Mich.},
      YEAR = {1975},
     PAGES = {ix+183},
   MRCLASS = {92-01 (68-01 90-01 93-01)},
  MRNUMBER = {0441393},
MRREVIEWER = {Manfred Kochen},
}

% category 'note' added manually after title
@book {fogel2006evolutionary,
    AUTHOR = {Fogel, David B.},
     TITLE = {Evolutionary computation. Toward a new philosophy of machine intelligence},
   EDITION = {Second},
      NOTE = {},
 PUBLISHER = {IEEE Press, Piscataway, NJ},
      YEAR = {2000},
     PAGES = {xx+270},
      ISBN = {0-7803-5379-X},
   MRCLASS = {68-02 (68T05 92B20)},
  MRNUMBER = {1835982},
}

% category 'note' added manually after title
@book {aarts1989simulated,
    AUTHOR = {Aarts, Emile and Korst, Jan},
     TITLE = {Simulated annealing and {B}oltzmann machines. A stochastic approach to combinatorial optimization and neural
              computing},
    SERIES = {Wiley-Interscience Series in Discrete Mathematics and
              Optimization},
      NOTE = {},
 PUBLISHER = {John Wiley \& Sons, Ltd., Chichester},
      YEAR = {1989},
     PAGES = {xii+272},
      ISBN = {0-471-92146-7},
   MRCLASS = {90C27 (68Q99 92A09)},
  MRNUMBER = {983115},
MRREVIEWER = {Th. M. Liebling},
}

@article {holley1989asymptotics,
    AUTHOR = {Holley, Richard A. and Kusuoka, Shigeo and Stroock, Daniel W.},
     TITLE = {Asymptotics of the spectral gap with applications to the
              theory of simulated annealing},
   JOURNAL = {J. Funct. Anal.},
  FJOURNAL = {Journal of Functional Analysis},
    VOLUME = {83},
      YEAR = {1989},
    NUMBER = {2},
     PAGES = {333--347},
      ISSN = {0022-1236},
   MRCLASS = {60J60 (47A10 47F05 60K99)},
  MRNUMBER = {995752},
MRREVIEWER = {Shuenn Jyi Sheu},
       DOI = {10.1016/0022-1236(89)90023-2},
       URL = {https://doi-org.eaccess.ub.tum.de/10.1016/0022-1236(89)90023-2},
}

@incollection {jabin2017mean,
    AUTHOR = {Jabin, Pierre-Emmanuel and Wang, Zhenfu},
     TITLE = {Mean field limit for stochastic particle systems},
 BOOKTITLE = {Active particles. {V}ol. 1. {A}dvances in theory, models, and
              applications},
    SERIES = {Model. Simul. Sci. Eng. Technol.},
     PAGES = {379--402},
 PUBLISHER = {Birkh\"{a}user/Springer, Cham},
      YEAR = {2017},
   MRCLASS = {82C22 (60H10)},
  MRNUMBER = {3644596},
}

@article {solis1981minimization,
    AUTHOR = {Solis, Francisco J. and Wets, Roger J.-B.},
     TITLE = {Minimization by random search techniques},
   JOURNAL = {Math. Oper. Res.},
  FJOURNAL = {Mathematics of Operations Research},
    VOLUME = {6},
      YEAR = {1981},
    NUMBER = {1},
     PAGES = {19--30},
      ISSN = {0364-765X},
   MRCLASS = {90C30},
  MRNUMBER = {618961},
       DOI = {10.1287/moor.6.1.19},
       URL = {https://doi-org.eaccess.ub.tum.de/10.1287/moor.6.1.19},
}



%%%%%%%%%%%% NON-MATHSCINET %%%%%%%%%%%%

@article{blum2003metaheuristics,
author = {Blum, Christian and Roli, Andrea},
title = {Metaheuristics in Combinatorial Optimization: {O}verview and Conceptual Comparison},
year = {2003},
issue_date = {September 2003},
publisher = {Association for Computing Machinery},
address = {New York, NY, USA},
volume = {35},
number = {3},
issn = {0360-0300},
url = {https://doi.org/10.1145/937503.937505},
doi = {10.1145/937503.937505},
journal = {ACM Comput. Surv.},
pages = {268--308},
numpages = {41},
keywords = {intensification, Metaheuristics, combinatorial optimization, diversification.}
}

@inproceedings{kennedy1995particle,
author={J. {Kennedy} and R. {Eberhart}},
booktitle={Proceedings of ICNN'95~- International Conference on Neural Networks},
title={Particle swarm optimization},
year={1995},
volume={4},
number={},
pages={1942--1948},
doi={10.1109/ICNN.1995.488968},
organization={IEEE}
}

@inproceedings{kim2020stochastic,
author={Kim, Jeongho and Kang, Myeongju and Kim, Dohyun and Ha, Seung-Yeal and Yang, Insoon},
booktitle={2020 59th IEEE Conference on Decision and Control (CDC)},
title={A Stochastic Consensus Method for Nonconvex Optimization on the {S}tiefel Manifold},
year={2020},
volume={},
number={},
pages={1050--1057},
doi={10.1109/CDC42340.2020.9304325},
organization={IEEE}
}

@inproceedings{karimi2016linear,
author={Karimi, Hamed and Nutini, Julie and Schmidt, Mark},
editor={Frasconi, Paolo and Landwehr, Niels and Manco, Giuseppe and Vreeken, Jilles},
title={Linear Convergence of Gradient and Proximal-Gradient Methods Under the {P}olyak-{{\L}}ojasiewicz Condition},
booktitle={Machine Learning and Knowledge Discovery in Databases},
publisher={Springer International Publishing},
pages={795--811},
year={2016},
}

@inproceedings{xu2017adaptive,
author = {Xu, Yi and Lin, Qihang and Yang, Tianbao},
title = {Adaptive {SVRG} Methods under Error Bound Conditions with Unknown Growth Parameter},
year = {2017},
isbn = {9781510860964},
publisher = {Curran Associates Inc.},
address = {Red Hook, NY, USA},
booktitle = {Proceedings of the 31st International Conference on Neural Information Processing Systems},
pages = {3279--3289},
numpages = {11},
location = {Long Beach, California, USA},
series = {NIPS'17}
}

@book{oksendal2013stochastic,
    AUTHOR = {{\O}ksendal, Bernt},
     TITLE = {Stochastic differential equations: An introduction with applications},
   EDITION = {Sixth},
 PUBLISHER = {Springer-Verlag, Berlin},
      YEAR = {2003},
     PAGES = {xxiv+360},
      ISBN = {3-540-04758-1},
   MRCLASS = {60H10 (60G44 60J60)},
  MRNUMBER = {2001996},
       DOI = {10.1007/978-3-642-14394-6},
       URL = {https://doi-org.eaccess.ub.tum.de/10.1007/978-3-642-14394-6},
}

@article{fornasier2020consensus_sphere_convergence,
  author  = {Massimo Fornasier and Lorenzo Pareschi and Hui Huang and Philippe Sünnen},
  title   = {Consensus-Based Optimization on the Sphere: Convergence to Global Minimizers and Machine Learning},
  journal = {Journal of Machine Learning Research},
  year    = {2021},
  volume  = {22},
  number  = {237},
  pages   = {1-55},
  url     = {http://jmlr.org/papers/v22/21-0259.html}
}

@book{azencott1992simulated,
  title={Simulated annealing: {P}arallelization techniques},
    EDITOR = {Azencott, Robert},
 PUBLISHER = {Wiley},
      YEAR = {1992},
     PAGES = {xi+242},
      ISBN = {0-4715-3231-2},

}

@article{rastrigin1963convergence,
  title={The convergence of the random search method in the extremal control of a many parameter system},
  author={Rastrigin, LA},
  journal={Automaton \& Remote Control},
  volume={24},
  pages={1337--1342},
  year={1963}
}

@phdthesis{van2007analysis,
  title={An analysis of particle swarm optimizers},
  author={{v}an {d}en Bergh, Frans},
  year={2007},
  school={University of Pretoria}
}


@misc{MNIST,
  title={{MNIST} handwritten digit database},
  author={LeCun, Yann and Cortes, Corinna and Burges, Chris},
  howpublished = {\url{http://yann.lecun.com/exdb/mnist/}},
  year={2010},
  publisher={Florham Park, NJ, USA}
}

@article{fornasier2018robust,
  title={Robust and resource efficient identification of shallow neural networks by fewest samples},
  author={Fornasier, Massimo and Vyb{\'\i}ral, Jan and Daubechies, Ingrid},
  journal={arXiv preprint arXiv:1804.01592},
  year={2018}
}


@article{fiedler2021stable,
  title={Stable Recovery of Entangled Weights: Towards Robust Identification of Deep Neural Networks from Minimal Samples},
  author={Fiedler, Christian and Fornasier, Massimo and Klock, Timo and Rauchensteiner, Michael},
  journal={arXiv preprint arXiv:2101.07150},
  year={2021}
}

@article{fornasier2021robust,
  title={Robust and Resource-Efficient Identification of Two Hidden Layer Neural Networks},
  author={Fornasier, Massimo and Klock, Timo and Rauchensteiner, Michael},
  journal={Constructive Approximation},
  pages={1--62},
  year={2021},
  publisher={Springer}
}


@article{fornasier2021anisotropic,
      title={Anisotropic Diffusion in Consensus-based Optimization on the Sphere},
      author={Massimo Fornasier and Hui Huang and Lorenzo Pareschi and Philippe S{\"u}nnen},
      year={2021},
      journal={arXiv preprint arXiv:2104.00420},
}

@article{fornasier2021consensus,
      title={Consensus-based optimization methods converge globally in mean-field law},
      author={Massimo Fornasier and Timo Klock and Konstantin Riedl},
      year={2021},
      journal={arXiv preprint arXiv:2103.15130},
}

@article{fornasier2021convergence,
      title={Convergence of Anisotropic Consensus-Based Optimization in Mean-Field Law},
      author={Massimo Fornasier and Timo Klock and Konstantin Riedl},
      year={2021},
      journal={arXiv preprint arXiv:2111.08136},
}


@article{chen2020consensus,
  title={A consensus-based global optimization method with adaptive momentum estimation},
  author={Chen, Jingrun and Jin, Shi and Lyu, Liyao},
  journal={arXiv preprint arXiv:2012.04827},
  year={2020}
}

@article{ha2021emergent,
  title={Emergent behaviors of high-dimensional {K}uramoto models on {S}tiefel manifolds},
  author={Ha, Seung-Yeal and Kang, Myeongju and Kim, Dohyun},
  journal={arXiv preprint arXiv:2101.04300},
  year={2021}
}

@article{huang2021MFLCBO,
      title={On the mean-field limit for the consensus-based optimization},
      author={Hui Huang and Jinniao Qiu},
      year={2021},
      journal={arXiv preprint arXiv:2105.12919},
}

@article{flori2022quantum,
  title={QUAntum Particle Swarm Optimization: An auto-adaptive PSO for local and global optimization},
  author={Flori, Arnaud and Oulhadj, Hamouche and Siarry, Patrick},
  journal={Computational Optimization and Applications},
  volume={82},
  number={2},
  pages={525--559},
  year={2022},
  publisher={Springer}
}

@inproceedings{sun2004particle,
  title={Particle swarm optimization with particles having quantum behavior},
  author={Sun, Jun and Feng, Bin and Xu, Wenbo},
  booktitle={Proceedings of the 2004 congress on evolutionary computation (IEEE Cat. No. 04TH8753)},
  volume={1},
  pages={325--331},
  year={2004},
  organization={IEEE}
}

@article{sun2012quantum,
  title={Quantum-behaved particle swarm optimization: analysis of individual particle behavior and parameter selection},
  author={Sun, Jun and Fang, Wei and Wu, Xiaojun and Palade, Vasile and Xu, Wenbo},
  journal={Evolutionary computation},
  volume={20},
  number={3},
  pages={349--393},
  year={2012},
  publisher={MIT Press}
}

@inproceedings{yang2004quantum,
  title={A quantum particle swarm optimization},
  author={Yang, Shuyuan and Wang, Min and others},
  booktitle={Proceedings of the 2004 congress on evolutionary computation (IEEE Cat. No. 04TH8753)},
  volume={1},
  pages={320--324},
  year={2004},
  organization={IEEE}
}